@book{mair2018modern,
  title={Modern psychometrics with {R}},
  author={Mair, Patrick},
  year={2018},
  publisher={Springer}
}

@Manual{Mair2020mpsychor,
    title = {MPsychoR: Modern Psychometrics with {R}},
    author = {Mair, Patrick},
    year = {2020},
    note = {R package version 0.10-8},
    url = {https://CRAN.R-project.org/package=MPsychoR},
  }
  
@article{mair2015motivation,
  title={Motivation, values, and work design as drivers of participation in the R open source project for statistical computing},
  author={Mair, Patrick and Hofmann, Eva and Gruber, Kathrin and Hatzinger, Reinhold and Zeileis, Achim and Hornik, Kurt},
  journal={Proceedings of the National Academy of Sciences},
  volume={112},
  number={48},
  pages={14788--14792},
  year={2015},
  publisher={National Acad Sciences}
}