@book{mair2018modern,
  title={Modern psychometrics with {R}},
  author={Mair, Patrick},
  year={2018},
  publisher={Springer}
}

@Manual{Mair2020mpsychor,
    title = {MPsychoR: Modern Psychometrics with {R}},
    author = {Mair, Patrick},
    year = {2020},
    note = {R package version 0.10-8},
    url = {https://CRAN.R-project.org/package=MPsychoR},
  }
  
@article{mair2015motivation,
  title={Motivation, values, and work design as drivers of participation in the R open source project for statistical computing},
  author={Mair, Patrick and Hofmann, Eva and Gruber, Kathrin and Hatzinger, Reinhold and Zeileis, Achim and Hornik, Kurt},
  journal={Proceedings of the National Academy of Sciences},
  volume={112},
  number={48},
  pages={14788--14792},
  year={2015},
  publisher={National Acad Sciences}
}

@book{raykov2011introduction,
  title={Introduction to psychometric theory},
  author={Raykov, Tenko and Marcoulides, George A},
  year={2011},
  publisher={Routledge}
}

@Article{Jorgensen2021Howestimateabsolute,
  author    = {Jorgensen, Terrence D.},
  journal   = {Psych},
  title     = {How to estimate absolute-error components in structural equation models of generalizability theory},
  year      = {2021},
  month     = {may},
  number    = {2},
  pages     = {113--133},
  volume    = {3},
  doi       = {10.3390/psych3020011},
  file      = {:Files/2021/Jorgensen2021Howestimateabsolute.pdf:PDF},
  groups    = {Measurement},
  owner     = {wmmurrah},
  publisher = {{MDPI} {AG}},
}

@Article{Raykov2006Estimationgeneralizabilitycoefficients,
  author    = {Raykov, Tenko and Marcoulides, George A.},
  journal   = {International Journal of Testing},
  title     = {Estimation of generalizability coefficients via a structural equation modeling approach to scale reliability evaluation},
  year      = {2006},
  month     = {mar},
  number    = {1},
  pages     = {81--95},
  volume    = {6},
  doi       = {10.1207/s15327574ijt0601_5},
  file      = {:Files/2006/Raykov2006Estimationgeneralizabilitycoefficients.pdf:PDF},
  groups    = {Measurement},
  owner     = {wmmurrah},
  publisher = {Informa {UK} Limited},
}

@book{desjardins2018handbook,
  title={Handbook of educational measurement and psychometrics using R},
  author={Desjardins, Christopher D and Bulut, Okan},
  year={2018},
  publisher={CRC Press}
}